@online{AttentionSvg,
  author = {SVG Repo},
  title = {Attention SVG Vector},
  url = {https://www.svgrepo.com/svg/43524/attention},
  urldate = {8/2/2025},
}

@online{FingerNames,
  author = {guitarcontrol},
  title = {Useful Guitar Finger Tips to Play Better},
  url = {https://guitarcontrol.com/technique/guitar-finger-tips/},
  urldate = {8/2/2025},
  year = {3/12/2021}
}

@online{FreeStrokePosition,
  author = {Classical guitar corner},
  title = {eginner Classical Guitar Lessons (The Fundamentals)},
  url = {https://www.classicalguitarcorner.com/fundamentals-of-the-classical-guitar/},
  urldate = {9/2/2025}
}

@online{LeftHandPositionBradlyWerner,
	author = {Bradford Werner (This is classical guitar)},
	title = {Left Hand Position Lesson for Classical Guitar},
	url = {https://www.thisisclassicalguitar.com/left-hand-technique-and-position/},
	urldate = {30/3/2025},
	year = {2013}
}

@online{FreeStrokePositionBradlyWerner,
  author = {Bradford Werner (This is classical guitar)},
  title = {Right Hand Position Lesson for Classical Guitar},
  url = {https://www.thisisclassicalguitar.com/right-hand-technique-for-classical-guitar/},
  urldate = {11/2/2025},
  year = {2013}
}

@online{KorobeinikiWiki,
	author = {Wikipedia},
	title = {Korobeiniki},
	url = {https://en.wikipedia.org/wiki/Korobeiniki},
	urldate = {7/3/2025},
	year = {2025}
}

@online{DeVogeltjesDansWiki,
	author = {Wikipedia},
	title = {De vogeltjesdans},
	url = {https://nl.wikipedia.org/wiki/De_vogeltjesdans},
	urldate = {7/3/2025},
	year = {2024}
}

@online{BarreHandPositionUkulele,
	author = {learnplayuke},
	title = {The Barre Chords},
	url = {https://learnplayuke.com/the-barre-chord-necessities/},
	urldate = {25/3/2025}
}

% https://www.musicnotes.com/blog/the-7-letter-alphabet-how-to-name-music-notes/